@misc{minerandodados,
	title = {Minerando Dados},
	howpublished = {\url{http://minerandodados.com.br/index.php/2017/03/15/analise-de-sentimentos-twitter-como-fazer/}},
	note = {Accessed: 2018-07-10}
}

@misc{sitenaive,
	title = {A Comparison of Event Models for Naive Bayes Text Classification},
	howpublished = {\url{http://citeseerx.ist.psu.edu/viewdoc/download?doi=10.1.1.65.9324&rep=rep1&type=pdf}},
	note = {Accessed: 2018-07-10}
}

